@book{Internetika,
  title={Интернетика: навигация в сложных сетях : модели и алгоритмы},
  author={Ландэ, Д.В. and Снарский, А.А. and Безсуднов, И.В.},
  isbn={9785397004978},
  lccn={2011491381},
  url={https://books.google.com.ua/books?id=P\_l\_kgAACAAJ},
  year={2009},
  publisher={УРСС}
}

@Article{Graph,
    author={Holten, D.},
    title={Hierarchical Edge Bundles: Visualization of Adjacency Relations in Hierarchical Data},
    journal =      "Visualization and Computer Graphics, IEEE Transactions",
    volume =       "12",
    number =       "5",
    pages =        "741--748",
    year =         "2006"

}

@Article{JeanBaptiste,
    author =       "Alain Lelu",
    title =        "Jean-Baptiste Estoup and the origins of Zipf's law",
    journal =      "Bolet'in de Estad'istica e Investigaci'on Operativa",
    volume =       "30",
    number =       "1",
    pages =        "66--67",
    year =         "2014"
}

@Article{Jones,
    author =       "Karen Sparck Jones",
    title =        "A statistical interpretation of term specificity and its application in retrieval",
    journal =      "Journal of Documentation"
    volume =       "28",
    number =       "1",
    pages =        "11-21",
    year =         "1972"
}

@misc{Oracle,
    author = "{Oracle Corporation}",
    title = {{Full-Text Stopwords}},
    howpublished = {\url{https://dev.mysql.com/doc/refman/5.5/en/fulltext-stopwords.html}},
    note = {Online; accessed 11 December 2015} ,
    year=2015
}

